@inproceedings{TO1,
	title={Estimation of pitch targets from speech signals by joint regularized optimization},
	author={Birkholz, Peter and Schmager, Patrick and Xu, Yi},
	booktitle={2018 26th European Signal Processing Conference (EUSIPCO)},
	pages={2075--2079},
	year={2018},
	organization={IEEE}
}
@article{TO2,
	title = {TARGETOPTIMIZER 2.0: Enhanced estimation of articulatory targets},
	author = {Krug, Paul Konstantin and Stone, Simon and Wilbrandt, Alexander and Birkholz, Peter},
	year = {2021},
	journal = {}
}
@article{TAM1,
	title = "Pitch targets and their realization: Evidence from Mandarin Chinese",
	journal = "Speech Communication",
	volume = "33",
	number = "4",
	pages = "319 - 337",
	year = "2001",
	issn = "0167-6393",
	doi = "https://doi.org/10.1016/S0167-6393(00)00063-7",
	url = "http://www.sciencedirect.com/science/article/pii/S0167639300000637",
	author = "Yi Xu and Q {Emily Wang}"
}
@article{TAM2,
	author = {Prom-On, Santitham and Xu, Yi and Thipakorn, Bundit},
	year = {2009},
	month = {02},
	pages = {405-24},
	title = {Modeling tone and intonation in Mandarin and English as a process of target approximation},
	volume = {125},
	journal = {The Journal of the Acoustical Society of America},
	doi = {10.1121/1.3037222}
}
@article{VTL,
	title={Modeling consonant-vowel coarticulation for articulatory speech synthesis},
	author={Birkholz, Peter},
	journal={PloS one},
	volume={8},
	number={4},
	pages={e60603},
	year={2013},
	publisher={Public Library of Science}
}
@article{Praat,
	title={Tools for Analysing Empirical Data: Doing Phonetics by Computer (Praat)},
	author={Szekr{\'e}nyes, Istv{\'a}n},
	journal={of Electronic Information and Document Processing},
	pages={53}
}
@article{TIM,
	title={Tonal alignment, syllable structure and coarticulation: Toward an integrated model},
	author={Xu, Yi and Liu, Fang},
	journal={Italian Journal of Linguistics},
	volume={18},
	number={1},
	pages={125},
	year={2006},
	publisher={Citeseer}
}
@article{DFO,
	title={Derivative-free optimization: a review of algorithms and comparison of software implementations},
	author={Rios, Luis Miguel and Sahinidis, Nikolaos V},
	journal={Journal of Global Optimization},
	volume={56},
	number={3},
	pages={1247--1293},
	year={2013},
	publisher={Springer}
}
@article{BBQ,
	title={The BOBYQA algorithm for bound constrained optimization without derivatives},
	author={Powell, Michael JD},
	journal={Cambridge NA Report NA2009/06, University of Cambridge, Cambridge},
	pages={26--46},
	year={2009}
}
@article{Dlib,
	author = {King, Davis E.},
	title = {Dlib-Ml: A Machine Learning Toolkit},
	year = {2009},
	issue_date = {12/1/2009},
	publisher = {JMLR.org},
	volume = {10},
	issn = {1532-4435},
	journal = {J. Mach. Learn. Res.},
	month = dec,
	pages = {1755â€“1758},
	numpages = {4}
}

